<record><leader>00000cas a22000007a 4500</leader><controlfield tag="001">19279640</controlfield><controlfield tag="008">890228d19031915moudn ne      0    0eng d</controlfield><datafield ind1=" " ind2=" " tag="010"><subfield code="a">sn 89066039 </subfield></datafield><datafield ind1=" " ind2=" " tag="040"><subfield code="a">MQN</subfield><subfield code="b">eng</subfield><subfield code="c">MQN</subfield><subfield code="d">OCLCQ</subfield></datafield><datafield ind1=" " ind2=" " tag="042"><subfield code="a">msc</subfield></datafield><datafield ind1="0" ind2=" " tag="130"><subfield code="a">Daily tribune (Maryville, Mo.)</subfield></datafield><datafield ind1="1" ind2="4" tag="245"><subfield code="a">The daily tribune.</subfield></datafield><datafield ind1=" " ind2=" " tag="260"><subfield code="a">Maryville, Mo. :</subfield><subfield code="b">Curtis Wray Pub. Co.</subfield></datafield><datafield ind1=" " ind2=" " tag="300"><subfield code="a">v.</subfield></datafield><datafield ind1=" " ind2=" " tag="310"><subfield code="a">Daily (except Sun.)</subfield></datafield><datafield ind1="1" ind2=" " tag="362"><subfield code="a">Began in 1903?</subfield></datafield><datafield ind1="0" ind2=" " tag="362"><subfield code="a">-16th year, no. 5547 (May 12, 1915).</subfield></datafield><datafield ind1=" " ind2=" " tag="588"><subfield code="a">Description based on: 5th year, no. 1421 (Jan. 1, 1904).</subfield></datafield><datafield ind1=" " ind2="4" tag="651"><subfield code="a">Maryville (Mo.)</subfield><subfield code="v">Newspapers.</subfield></datafield><datafield ind1=" " ind2=" " tag="752"><subfield code="a">United States</subfield><subfield code="b">Missouri</subfield><subfield code="c">Nodaway</subfield><subfield code="d">Maryville.</subfield></datafield><datafield ind1="0" ind2=" " tag="775"><subfield code="t">Maryville tribune (Maryville, Mo. : Weekly)</subfield><subfield code="w">(DLC)sn 89066033</subfield></datafield><datafield ind1="0" ind2="0" tag="780"><subfield code="t">Maryville daily tribune</subfield><subfield code="w">(DLC)sn 89066038</subfield></datafield><datafield ind1="0" ind2="0" tag="785"><subfield code="t">Maryville tribune (Maryville, Mo. : Daily ed.)</subfield><subfield code="w">(DLC)sn 89066040</subfield></datafield></record>